@article{Arnouts1999,
    title = {{Measuring and modelling the redshift evolution of clustering: the Hubble Deep Field North}},
    year = {1999},
    journal = {\mnras},
    author = {Arnouts, S. and Cristiani, S. and Moscardini, L. and Matarrese, S. and Lucchin, F. and Fontana, A. and Giallongo, E.},
    number = {2},
    month = {12},
    pages = {540--556},
    volume = {310},
    url = {http://adsabs.harvard.edu/abs/1999MNRAS.310..540A},
    doi = {10.1046/j.1365-8711.1999.02978.x},
    issn = {00358711},
    keywords = {COSMOLOGY: OBSERVATIONS, COSMOLOGY: THEORY, GALAXIES: CLUSTERS: GENERAL, GALAXIES: PHOTOMETRY, LARGE-SCALE STRUCTURE OF UNIVERSE}
}



@article{Ilbert2006,
    title = {{Accurate photometric redshifts for the CFHT legacy survey calibrated using the VIMOS VLT deep survey}},
    year = {2006},
    journal = {\aap},
    author = {Ilbert, O and Arnouts, S and McCracken, H.~J. and Bolzonella, M and Bertin, E and Le F{\`{e}}vre, O and Mellier, Y and Zamorani, G and Pell{\`{o}}, R and Iovino, A and Tresse, L and Le Brun, V and Bottini, D and Garilli, B and Maccagni, D and Picat, J.~P. and Scaramella, R and Scodeggio, M and Vettolani, G and Zanichelli, A and Adami, C and Bardelli, S and Cappi, A and Charlot, S and Ciliegi, P and Contini, T and Cucciati, O and Foucaud, S and Franzetti, P and Gavignaud, I and Guzzo, L and Marano, B and Marinoni, C and Mazure, A and Meneux, B and Merighi, R and Paltani, S and Pollo, A and Pozzetti, L and Radovich, M and Zucca, E and Bondi, M and Bongiorno, A and Busarello, G and de La Torre, S and Gregorini, L and Lamareille, F and Mathez, G and Merluzzi, P and Ripepi, V and Rizzo, D and Vergani, D},
    month = {10},
    pages = {841--856},
    volume = {457},
    doi = {10.1051/0004-6361:20065138},
    keywords = {galaxies: distances and redshifts, galaxies: photometry, methods: data analysis}
}

@article{Ilbert2009,
    title = {{COSMOS PHOTOMETRIC REDSHIFTS WITH 30-BANDS FOR 2-deg 2}},
    year = {2009},
    journal = {{\textbackslash}apj},
    author = {Ilbert, O. and Capak, P. and Salvato, M. and Aussel, H. and McCracken, H. J. and Sanders, D. B. and Scoville, N. and Kartaltepe, J. and Arnouts, S. and Floc'h, E. Le and Mobasher, B. and Taniguchi, Y. and Lamareille, F. and Leauthaud, A. and Sasaki, S. and Thompson, D. and Zamojski, M. and Zamorani, G. and Bardelli, S. and Bolzonella, M. and Bongiorno, A. and Brusa, M. and Caputi, K. I. and Carollo, C. M. and Contini, T. and Cook, R. and Coppa, G. and Cucciati, O. and de la Torre, S. and de Ravel, L. and Franzetti, P. and Garilli, B. and Hasinger, G. and Iovino, A. and Kampczyk, P. and Kneib, J.-P. and Knobel, C. and Kovac, K. and Le Borgne, J. F. and Le Brun, V. and F{\`{e}}vre, O. Le and Lilly, S. and Looper, D. and Maier, C. and Mainieri, V. and Mellier, Y. and Mignoli, M. and Murayama, T. and Pell{\`{o}}, R. and Peng, Y. and P{\'{e}}rez-Montero, E. and Renzini, A. and Ricciardelli, E. and Schiminovich, D. and Scodeggio, M. and Shioya, Y. and Silverman, J. and Surace, J. and Tanaka, M. and Tasca, L. and Tresse, L. and Vergani, D. and Zucca, E.},
    number = {2},
    month = {1},
    pages = {1236--1249},
    volume = {690},
    url = {http://adsabs.harvard.edu/abs/2009ApJ...690.1236I},
    doi = {10.1088/0004-637X/690/2/1236},
    issn = {0004-637X},
    keywords = {galaxies: distances and redshifts, galaxies: evolution, galaxies: formation}
}

